@article{article1,
  title={Analysing the Utilisation of Nudge Theory in India's Fight against the COVID-19 Pandemic},
  author={Dhawan, Laavanya and Bhattacharyya, Shree and Mukherjee, Hansa},
  journal={International Journal},
  volume={1},
  year={2021},
  number={4}
}

@techreport{article2,
  title={Messages on COVID-19 prevention in India increased symptoms reporting and adherence to preventive behaviors among 25 million recipients with similar effects on non-recipient members of their communities},
  author={Banerjee, Abhijit and Alsan, Marcella and Breza, Emily and Chandrasekhar, Arun G and Chowdhury, Abhijit and Duflo, Esther and Goldsmith-Pinkham, Paul and Olken, Benjamin A},
  year={2020},
  institution={National Bureau of Economic Research}
}

@article{article3,
  title={Using insights from behavioral economics to mitigate the spread of COVID-19},
  author={Soofi, Moslem and Najafi, Farid and Karami-Matin, Behzad},
  journal={Applied health economics and health policy},
  volume={18},
  pages={345--350},
  year={2020},
  publisher={Springer}
}

@article{article4,
  title={Applying nudge to public health policy: practical examples and tips for designing nudge interventions},
  author={Murayama, Hiroshi and Takagi, Yusuke and Tsuda, Hirokazu and Kato, Yuri},
  journal={International Journal of Environmental Research and Public Health},
  volume={20},
  number={5},
  pages={3962},
  year={2023},
  publisher={MDPI}
}

@article{article5,
  title={Nudging toward vaccination: a systematic review},
  author={Re{\~n}osa, Mark Donald C and Landicho, Jeniffer and Wachinger, Jonas and Dalglish, Sarah L and B{\"a}rnighausen, Kate and B{\"a}rnighausen, Till and McMahon, Shannon A},
  journal={BMJ global health},
  volume={6},
  number={9},
  pages={e006237},
  year={2021},
  publisher={BMJ Specialist Journals}
}

@article{article6,
  title={Behavioural nudges increase COVID-19 vaccinations},
  author={Dai, Hengchen and Saccardo, Silvia and Han, Maria A and Roh, Lily and Raja, Naveen and Vangala, Sitaram and Modi, Hardikkumar and Pandya, Shital and Sloyan, Michael and Croymans, Daniel M},
  journal={Nature},
  volume={597},
  number={7876},
  pages={404--409},
  year={2021},
  publisher={Nature Publishing Group UK London}
}

@article{article7,
  title={Role of leadership and incentive-based programs in addressing vaccine hesitancy in India},
  author={Afsharinia, Bita and Gurtoo, Anjula},
  journal={Vaccine: X},
  volume={15},
  pages={100346},
  year={2023},
  publisher={Elsevier}
}

@article{article8,
  title={Nudges for COVID-19 voluntary vaccination: How to explain peer information?},
  author={Sasaki, Shusaku and Saito, Tomoya and Ohtake, Fumio},
  journal={Social science \& medicine},
  volume={292},
  pages={114561},
  year={2022},
  publisher={Elsevier}
}

@book{article9,
  title={Nudge: Improving decisions about health, wealth, and happiness},
  author={Thaler, Richard H and Sunstein, Cass R},
  year={2009},
  publisher={Penguin}
}

@article{article10,
  title={India nudges to contain COVID-19 pandemic: A reactive public policy analysis using machine-learning based topic modelling},
  author={Debnath, Ramit and Bardhan, Ronita},
  journal={PloS one},
  volume={15},
  number={9},
  pages={e0238972},
  year={2020},
  publisher={Public Library of Science San Francisco, CA USA}
}

@article{article11,
  title={Nudge and the manipulation of choice: A framework for the responsible use of the nudge approach to behaviour change in public policy},
  author={Hansen, Pelle Guldborg and Jespersen, Andreas Maal{\o}e},
  journal={European journal of risk regulation},
  volume={4},
  number={1},
  pages={3--28},
  year={2013},
  publisher={Cambridge University Press}
}